@book{hong2020latex,
  author    = {홍길동},
  title     = {라텍스 완전정복},
  year      = {2020},
  publisher = {위키출판},
  address   = {서울}
}

@book{doe2019intro,
  author    = {John Doeㅇ},
  title     = {Introduction to LaTeX},
  year      = {2019},
  publisher = {Springer},
  address   = {New York}
}
